<?xml version="1.0" encoding="UTF-8"?><collection xmlns="http://www.loc.gov/MARC21/slim"><record><leader>00519nam--2200121-i-4500</leader><controlfield tag="001">000020599</controlfield><controlfield tag="002">20161230</controlfield><controlfield tag="005">20161230201033</controlfield><controlfield tag="008">060222s1000------------r-----000-0-eng-d</controlfield><datafield ind1=" " ind2=" " tag="080"><subfield code="a">537.877:576.314(047)</subfield></datafield><datafield ind1=" " ind2=" " tag="245"><subfield code="a">Investigarea efectelor radiatiilor electromagn etice de intensitati si frecvente diferite asupra unor procese biologice fundamentale implicate in functia membranelor biologice. studiul implicatiilor datelor privind efectele</subfield></datafield><datafield ind1=" " ind2=" " tag="260"><subfield code="a">Univ.De Medicina Si Farmacie  Carol Davila  1995 108 P</subfield></datafield><datafield ind1=" " ind2=" " tag="852"><subfield code="a">80479</subfield></datafield></record></collection>